@article{2005,
  title={「複雑な三次元環境に適応できる柔軟な走行機構の開発」},
  author={阿部 昭人 and 奥平 洋輔 and 大園 成夫},
  journal={精密工学会学術講演会講演論文集},
  volume={2005S},
  number={ },
  pages={763-763},
  year={2005},
  doi={10.11522/pscjspe.2005S.0.763.0}
}

@article{burrows2013interacting,
  title={Interacting gears synchronize propulsive leg movements in a jumping insect},
  author={Burrows, Malcolm and Sutton, Gregory},
  journal={science},
  volume={341},
  number={6151},
  pages={1254--1256},
  year={2013},
  publisher={American Association for the Advancement of Science}
}